/home/leonard/Documents/Bibliography/Zotero_lib_bibtex.bib